<?xml version="1.0" encoding="UTF-8"?><record xmlns="http://www.loc.gov/MARC21/slim" xmlns:cinclude="http://apache.org/cocoon/include/1.0" xmlns:zs="http://www.loc.gov/zing/srw/">
  <leader>00529nz  a2200145n  4500</leader>
  <controlfield tag="001">nr 91009333 </controlfield>
  <controlfield tag="003">DLC</controlfield>
  <controlfield tag="005">19910323070257.6</controlfield>
  <controlfield tag="008">910320n| acannaab|          |a ana     c</controlfield>
  <datafield tag="010" ind1=" " ind2=" ">
    <subfield code="a">nr 91009333 </subfield>
  </datafield>
  <datafield tag="040" ind1=" " ind2=" ">
    <subfield code="a">NjP</subfield>
    <subfield code="c">NjP</subfield>
  </datafield>
  <datafield tag="110" ind1="2" ind2="0">
    <subfield code="a">Zambia National Provident Fund Board</subfield>
  </datafield>
  <datafield tag="410" ind1="1" ind2="0">
    <subfield code="w">nna</subfield>
    <subfield code="a">Zambia.</subfield>
    <subfield code="b">National Provident Fund Board</subfield>
  </datafield>
  <datafield tag="670" ind1=" " ind2=" ">
    <subfield code="a">Its Annual report of the Zambia National Provident Fund Board, 1968.</subfield>
  </datafield>
  <datafield tag="670" ind1=" " ind2=" ">
    <subfield code="a">LC in RLIN, 2-27-91</subfield>
    <subfield code="b">(hdg.: Zambia. National Provident Fund Board; usage: Zambia National Provident Fund Board)</subfield>
  </datafield>
</record>